<?xml version="1.0" encoding="UTF-8"?><collection xmlns="http://www.loc.gov/MARC21/slim"><record><leader>00387nam--2200133-i-4500</leader><controlfield tag="001">000005422</controlfield><controlfield tag="002">20161230</controlfield><controlfield tag="005">20161230201026</controlfield><controlfield tag="008">060222s1000------------r-----000-0-eng-d</controlfield><datafield ind1=" " ind2=" " tag="100"><subfield code="a">Desrosier, N.W., Rosenstock, H.M</subfield></datafield><datafield ind1=" " ind2=" " tag="245"><subfield code="a">Radiation technology in food, agriculture and biology</subfield></datafield><datafield ind1=" " ind2=" " tag="260"><subfield code="a">Westport, Conn., Avi Publ.Co.Inc., 1960</subfield></datafield><datafield ind1=" " ind2=" " tag="490"><subfield code="a">Xvii+401p</subfield></datafield><datafield ind1=" " ind2=" " tag="852"><subfield code="a">621.039.83:539.12.04</subfield></datafield></record></collection>